@book{andrade99,
address={S\~ao Paulo},
author={M M de Andrade},
edition={3},
publisher={Atlas},
title={Como preparar trabalhos para cursos de p{\'o}s-gradua{\c c}\~ao},
year={1999}}

@book{gil91,
address={S\~ao Paulo},
author={A C Gil},
edition={3},
publisher={Atlas},
title={Como elaborar projetos de pesquisa},
year={1991}}
