@book{wolfram2002,
author={Wolfram},
edition={1},
publisher={Wolfram Media Inc},
title={A new kind of science},
year={2002}}

@mastersthesis{verardo2014,
  author       = "MAURÍCIO VERARDO", 
  title        = {Representando fam\'ilias de aut\^omatos celulares por meio de templates},
  school       = {Universidade Presbiteriana Mackenzie},
  year         = 2014
}

@mastersthesis{zorandir2016,
	author="ZORANDIR SOARES",
	title={Diferen\c{c}a entre Templates de Aut\^omatos Celulares Unidimensionais Bin\'arios},
	school       = {Universidade Presbiteriana Mackenzie},
	year={2016}
}

@article{nubia2016,
	author="N\'UBIA ROSA DA SILVA AND JAN M. BAETENS AND MARCOS WILLIAM DA SILVA OLIVEIRA AND BERNARD DE BAETS AND ODEMIR MARTINEZ BRUNO",
	title={Classification of cellular automata through texture analysis},
	year={2016}
}

@misc{mathematica,
  organization = "WOLFRAM RESEARCH", 
  title        = {Wolfram Mathematica},
  url          = {http://www.wolfram.com/mathematica/},
  number       = "11.2",
  year         = 2017
}

@manual{catemplates,
  title         = "CATemplates",
  author        = "MAURÍCIO VERARDO AND {DE OLIVEIRA}, PEDRO P. B.", 
  url           = {https://github.com/mverardo/CATemplates},
  number       = "0",
  year          = "2017"
}

@article{morita1998,
	author="MORITA, KENICHI AND IMAI, KATSUNOBU",
	title={Number-conserving reversible cellular automata and their computation universality},
	publisher={Satellite Workshop on Cellular Automata MFCS'98},
	pages={51--68},
	year={1998}
}
@article{durand2002,
	author="BRUNO DURAND AND ENRICO FORMENTI AND ZSUZSANNA R\'OKA",
	title={Number-conserving cellular automata I: decidability},
	year={2002}
}

@article{wolfram1985,
  title={Two-dimensional cellular automata},
  author={PACKARD, NORMAN H AND WOLFRAM, STEPHEN},
  journal={Journal of statistical Physics},
  volume={38},
  number={5},
  pages={901--946},
  year={1985},
  publisher={Springer}
}

@conference{kronemberger2011,
	author="GUILHERME KRONEMBERGER AND {DE OLIVEIRA}, PEDRO P. B.",
	title={A hip\'otese das regras primitivas e derivadas, na busca construtiva por aut\^omatos celulares revers\'iveis},
	year={2011},
	publisher={Simp\'osio Brasileiro de Automa{\c{c}}\~ao Inteligente},
	address={S\~ao Jo\~ao del Rei, MG}
}
@article{verardoenglish2014,
	author       = "{DE OLIVEIRA}, PEDRO PAULO BALBI AND MAURÍCIO VERARDO", 
	title        = {Representing Families of Cellular Automata Rules},
	journal      = {The Mathematica Journal},
	url          = {dx.doi.org/doi:10.3888/tmj.16-8},
	volume       = {16},
	number       = {8},
	year         = 2014
}

@article{boccara2002,
  title={Number-conserving cellular automaton rules},
  author="BOCCARA, NINO AND {FUK\'{S}}, HENRYK",
  journal={Fundamenta Informaticae},
  volume={52},
  number={1-3},
  pages={1--13},
  year={2002},
  publisher={IOS Press}
}